<record><leader>00000cas a22000007a 4500</leader><controlfield tag="001">22457236</controlfield><controlfield tag="008">901001d19901994arudn ne      0   a0eng c</controlfield><datafield ind1=" " ind2=" " tag="010"><subfield code="a">sn 90050305 </subfield></datafield><datafield ind1=" " ind2=" " tag="040"><subfield code="a">ANU</subfield><subfield code="b">eng</subfield><subfield code="c">ANU</subfield><subfield code="d">NSD</subfield><subfield code="d">OCLCQ</subfield><subfield code="d">OCLCF</subfield><subfield code="d">OCLCO</subfield></datafield><datafield ind1=" " ind2=" " tag="012"><subfield code="j">0</subfield><subfield code="k">1</subfield><subfield code="m">d</subfield></datafield><datafield ind1="1" ind2=" " tag="022"><subfield code="a">1053-9689</subfield><subfield code="l">1053-9689</subfield><subfield code="y">0745-7715</subfield><subfield code="2">1</subfield></datafield><datafield ind1="1" ind2=" " tag="029"><subfield code="a">AU@</subfield><subfield code="b">000025904877</subfield></datafield><datafield ind1=" " ind2=" " tag="032"><subfield code="a">512440</subfield><subfield code="b">USPS</subfield></datafield><datafield ind1=" " ind2=" " tag="037"><subfield code="b">The Morning News, PO Box 7, Springdale, AR 72765-0007</subfield></datafield><datafield ind1=" " ind2=" " tag="042"><subfield code="a">pcc</subfield><subfield code="a">nsdp</subfield></datafield><datafield ind1="0" ind2=" " tag="130"><subfield code="a">Morning news (Springdale, Ark.)</subfield></datafield><datafield ind1=" " ind2="4" tag="222"><subfield code="a">The Morning news</subfield><subfield code="b">(Springdale, Ark.)</subfield></datafield><datafield ind1="0" ind2="4" tag="245"><subfield code="a">The Morning news.</subfield></datafield><datafield ind1=" " ind2=" " tag="260"><subfield code="a">Springdale, Ark. :</subfield><subfield code="b">Donrey Media Group,</subfield><subfield code="c">c1990-</subfield></datafield><datafield ind1=" " ind2=" " tag="300"><subfield code="a">v.</subfield></datafield><datafield ind1=" " ind2=" " tag="310"><subfield code="a">Daily (except Saturday and holidays)</subfield></datafield><datafield ind1="0" ind2=" " tag="362"><subfield code="a">Vol. 104, no. 5 (May 1, 1990)-</subfield></datafield><datafield ind1="1" ind2=" " tag="362"><subfield code="a">Ceased in 1994?</subfield></datafield><datafield ind1=" " ind2=" " tag="580"><subfield code="a">Merged with: Northwest Arkansas morning news; to form: Morning news of Northwest Arkansas.</subfield></datafield><datafield ind1=" " ind2="0" tag="651"><subfield code="a">Springdale (Ark.)</subfield><subfield code="v">Newspapers.</subfield></datafield><datafield ind1=" " ind2="7" tag="655"><subfield code="a">Newspapers.</subfield><subfield code="2">fast</subfield><subfield code="0">(OCoLC)fst01423814</subfield></datafield><datafield ind1=" " ind2="7" tag="651"><subfield code="a">Arkansas</subfield><subfield code="z">Springdale.</subfield><subfield code="2">fast</subfield><subfield code="0">(OCoLC)fst01221774</subfield></datafield><datafield ind1=" " ind2=" " tag="752"><subfield code="a">United States</subfield><subfield code="b">Arkansas</subfield><subfield code="c">Washington</subfield><subfield code="d">Springdale.</subfield></datafield><datafield ind1=" " ind2=" " tag="752"><subfield code="a">United States</subfield><subfield code="b">Arkansas</subfield><subfield code="c">Benton.</subfield></datafield><datafield ind1=" " ind2=" " tag="752"><subfield code="a">United States</subfield><subfield code="b">Arkansas</subfield><subfield code="c">Madison.</subfield></datafield><datafield ind1="0" ind2="0" tag="780"><subfield code="t">Springdale news</subfield><subfield code="x">0745-7715</subfield><subfield code="w">(DLC)sn 83007654</subfield></datafield><datafield ind1="1" ind2="7" tag="785"><subfield code="t">Northwest Arkansas morning news</subfield><subfield code="x">1064-7252</subfield><subfield code="w">(DLC)sn 88051068</subfield><subfield code="w">(OCoLC)18394698</subfield></datafield><datafield ind1="1" ind2="7" tag="785"><subfield code="t">Morning news of Northwest Arkansas</subfield><subfield code="x">1080-952X</subfield><subfield code="w">(DLC)sn 95004534</subfield></datafield><datafield ind1=" " ind2=" " tag="936"><subfield code="a">Vol. 106, no. 76 (July 8, 1992) LIC</subfield></datafield></record>